@misc{ tiobe,
    author = "{TIOBE - the software quality company}",
    title = "{TIOBE Index for October 2020}",
    month = "Oktober",
    year = "2020",
    howpublished = "\url{https://www.tiobe.com/tiobe-index/}",
    note = "[Online; Zugriff am 01. November 2020]"
}

@misc{ pypl,
    author = "{Pierre Carbonnelle}",
    title = "{PYPL PopularitY of Programming Language}",
    year = "2020",
    howpublished = "\url{https://pypl.github.io/PYPL.html}",
    note = "[Online; Zugriff am 01. November 2020]"
}

@misc{ springboard,
    author = "{Springboard India}",
    title = "{Best language for Machine Learning: Which Programming Language to Learn}",
    year = "2020",
    month = "August",
    day = "31",
    howpublished = "\url{https://in.springboard.com/blog/best-language-for-machine-learning/}",
    note = "[Online; Zugriff am 01. November 2020]"
}

@misc{ towardsscience,
    author = "{Developer Economics}",
    title = "{What is the best programming language for Machine Learning?}",
    year = "2017",
    month = "Mai",
    day = "5",
    howpublished = "\url{https://towardsdatascience.com/what-is-the-best-programming-language-for-machine-learning-a745c156d6b7}",
    note = "[Online; Zugriff am 01. November 2020]"
}

@misc{ poetry,
    author = "{hackersandslackers.com}",
    title = "{Package Python Projects the Proper Way with Poetry}",
    year = "2020",
    month = "Januar",
    day = "26",
    howpublished = "\url{https://hackersandslackers.com/python-poetry-package-manager/}",
    note = "[Online; Zugriff am 01. November 2020]"
}